@article{johora2017dynamic,
  title={Dynamic Path Planning and Movement Control in Pedestrian Simulation},
  author={Johora, Fatema Tuj and Kraus, Philipp and M{\"u}ller, J{\"o}rg P},
  journal={arXiv preprint arXiv:1709.08235},
  year={2017}
}
